<record><leader>00000cas a2200000 a 4500</leader><controlfield tag="001">9416945</controlfield><controlfield tag="008">830415d19201920nyudr ne      0   a0eng c</controlfield><datafield ind1=" " ind2=" " tag="010"><subfield code="a">sn 83030273 </subfield></datafield><datafield ind1=" " ind2=" " tag="040"><subfield code="a">NPU</subfield><subfield code="b">eng</subfield><subfield code="c">NPU</subfield><subfield code="d">NPW</subfield><subfield code="d">DLC</subfield><subfield code="d">NPA</subfield><subfield code="d">CRL</subfield><subfield code="d">CNK</subfield><subfield code="d">NYS</subfield><subfield code="d">DLC</subfield><subfield code="d">KRTAS</subfield><subfield code="d">OCLCQ</subfield><subfield code="d">DLC</subfield><subfield code="d">OCLCF</subfield><subfield code="d">OCLCO</subfield></datafield><datafield ind1="0" ind2=" " tag="022"><subfield code="a">2330-3794</subfield><subfield code="2">1</subfield></datafield><datafield ind1="1" ind2=" " tag="029"><subfield code="a">AU@</subfield><subfield code="b">000020265681</subfield></datafield><datafield ind1=" " ind2=" " tag="042"><subfield code="a">pcc</subfield><subfield code="a">nsdp</subfield></datafield><datafield ind1=" " ind2=" " tag="043"><subfield code="a">n-us-ny</subfield></datafield><datafield ind1="0" ind2="0" tag="050"><subfield code="a">Newspaper</subfield></datafield><datafield ind1="0" ind2="0" tag="082"><subfield code="a">071</subfield><subfield code="2">23</subfield></datafield><datafield ind1=" " ind2="4" tag="222"><subfield code="a">The Sun and the New York herald</subfield><subfield code="b">(Print)</subfield></datafield><datafield ind1="0" ind2="4" tag="245"><subfield code="a">The Sun and the New York herald.</subfield></datafield><datafield ind1="3" ind2="0" tag="246"><subfield code="a">Sun and New York herald</subfield></datafield><datafield ind1=" " ind2=" " tag="260"><subfield code="a">New York [N.Y.] :</subfield><subfield code="b">Sun-Herald,</subfield><subfield code="c">1920.</subfield></datafield><datafield ind1=" " ind2=" " tag="300"><subfield code="a">2 v. :</subfield><subfield code="b">ill. ;</subfield><subfield code="c">53 cm.</subfield></datafield><datafield ind1=" " ind2=" " tag="310"><subfield code="a">Daily</subfield></datafield><datafield ind1="0" ind2=" " tag="362"><subfield code="a">Vol. 87, no. 154 (Feb. 1, 1920)-v. 88, no. 30 (Sept. 30, 1920).</subfield></datafield><datafield ind1=" " ind2=" " tag="525"><subfield code="a">Includes supplements.</subfield></datafield><datafield ind1=" " ind2=" " tag="530"><subfield code="a">Available on microfilm from the New York Public Library, and the LIbrary of Congress, Photoduplication Service.</subfield></datafield><datafield ind1=" " ind2=" " tag="530"><subfield code="a">Archived issues are available in digital format as part of the Library of Congress Chronicling America online collection.</subfield></datafield><datafield ind1=" " ind2=" " tag="555"><subfield code="a">Subject index: Feb.-Sept. 1920.</subfield></datafield><datafield ind1=" " ind2=" " tag="580"><subfield code="a">Formed by the union of: New York herald (New York, N.Y. : 1840), and: Sun (New York, N.Y. : 1916).</subfield></datafield><datafield ind1=" " ind2=" " tag="580"><subfield code="a">Split into: Sun (New York, N.Y. : 1920), and: New York herald (New York, N.Y. : 1920).</subfield></datafield><datafield ind1=" " ind2="0" tag="651"><subfield code="a">New York (N.Y.)</subfield><subfield code="v">Newspapers.</subfield></datafield><datafield ind1=" " ind2="7" tag="655"><subfield code="a">Newspapers.</subfield><subfield code="2">fast</subfield><subfield code="0">(OCoLC)fst01423814</subfield></datafield><datafield ind1=" " ind2="7" tag="651"><subfield code="a">New York (State)</subfield><subfield code="z">New York.</subfield><subfield code="2">fast</subfield><subfield code="0">(OCoLC)fst01204333</subfield></datafield><datafield ind1=" " ind2=" " tag="752"><subfield code="a">United States</subfield><subfield code="b">New York</subfield><subfield code="c">New York</subfield><subfield code="d">New York.</subfield></datafield><datafield ind1="0" ind2="8" tag="776"><subfield code="i">Online version:</subfield><subfield code="t">Sun and the New York herald (Online)</subfield><subfield code="x">2330-3808</subfield><subfield code="w">(DLC)  2013218914</subfield><subfield code="w">(OCoLC)855219101</subfield></datafield><datafield ind1="1" ind2="4" tag="780"><subfield code="t">New York herald (New York, N.Y. : 1840)</subfield><subfield code="w">(DLC)sn 83030313</subfield><subfield code="w">(OCoLC)9467138</subfield></datafield><datafield ind1="1" ind2="4" tag="780"><subfield code="t">Sun (New York, N.Y. : 1916)</subfield><subfield code="x">2166-1820</subfield><subfield code="w">(DLC)sn 83030431</subfield><subfield code="w">(OCoLC)9517450</subfield></datafield><datafield ind1="1" ind2="6" tag="785"><subfield code="t">Sun (New York, N.Y. : 1920)</subfield><subfield code="w">(DLC)sn 83030274</subfield><subfield code="w">(OCoLC)9417109</subfield></datafield><datafield ind1="1" ind2="6" tag="785"><subfield code="t">New York herald (New York, N.Y. : 1920)</subfield><subfield code="w">(DLC)sn 83045774</subfield><subfield code="w">(OCoLC)9630227</subfield></datafield><datafield ind1="4" ind2="1" tag="856"><subfield code="u">http://chroniclingamerica.loc.gov/lccn/sn83030273/issues</subfield></datafield><datafield ind1=" " ind2=" " tag="938"><subfield code="a">Kirtas Technologies, Inc.</subfield><subfield code="b">KRTS</subfield><subfield code="n">736512</subfield></datafield></record>